<?xml version="1.0" encoding="UTF-8"?><collection xmlns="http://www.loc.gov/MARC21/slim"><record><leader>00704nam--2200193-i-4500</leader><controlfield tag="001">000015548</controlfield><controlfield tag="002">20161230</controlfield><controlfield tag="005">20161230201031</controlfield><controlfield tag="008">060222s1000------------r-----000-0-rum-d</controlfield><datafield ind1=" " ind2=" " tag="040"><subfield code="a">IFIN-HH</subfield></datafield><datafield ind1=" " ind2=" " tag="041"><subfield code="a">rum</subfield></datafield><datafield ind1=" " ind2=" " tag="080"><subfield code="a">537</subfield></datafield><datafield ind1="1" ind2=" " tag="100"><subfield code="a">Cristea, Gheorghe</subfield></datafield><datafield ind1="1" ind2="0" tag="245"><subfield code="a">Elemente fundamentale de fizica</subfield><subfield code="b">Vol.ii electrostatica, electrocinetica, circuite de curent continuu, campul magnetic, fenomene electromagnetice variabile in timp, curentul alternativ, elemente de electrotehnica, elemente de electronica</subfield><subfield code="c">Gheorghe cristea; ioan ardelean</subfield></datafield><datafield ind1=" " ind2=" " tag="260"><subfield code="a">Cluj-napoca</subfield><subfield code="b">Editura Dacia</subfield><subfield code="c">1985</subfield></datafield><datafield ind1=" " ind2=" " tag="300"><subfield code="a">416 P</subfield></datafield><datafield ind1="1" ind2=" " tag="700"><subfield code="a">Ardelean, Ioan</subfield></datafield><datafield ind1=" " ind2=" " tag="852"><subfield code="a">73058</subfield><subfield code="c">537:538</subfield></datafield><datafield ind1=" " ind2=" " tag="CAT"><subfield code="a">Sys</subfield><subfield code="c">20110627</subfield><subfield code="h">143531</subfield></datafield></record></collection>